@article{rocketfuel,
    title={Measuring ISP Topologies with Rocketfuel},
    author={Spring, Neil and Mahajan, Ratul and Wetherall, David},
    journal={IEEE/ACM Transactions on Networking},
    volume={12},
    number={1},
    pages={2--16},
    year={2004},
    publisher={ACM}
}

@misc{raptorq,
    title={RaptorQ Forward Error Correction
 Scheme for Object Delivery},
    author={Michael Luby, Amin Shokrollahi, Mark Watson,Thomas Stockhammer},
    year={2010},
    journal={IETF77 Draft}
}

@misc{raptorqpresent,
    title={Coding theory for scalable media delivery },
    author={Michael Luby},
    year={2013},
    URL={https://simons.berkeley.edu/sites/default/files/docs/2788/slidesluby.pdf}
}

@misc{raptorqperf,
    title={Performance of CodornicesRq software package},
    author={Michael Luby, Lorenz Minder, Pooja Aggarwa},
    year={2019},
    URL={http://www1.icsi.berkeley.edu/~pooja/PerformanceCodornicesRqRelease2.pdf}}

M. Luby, et al, “,” IETF Proposed Standard, Aug. 2011

@misc{ipaws101,
    title={IPAWS 101},
    author={FEMA},
    year={2017},
    URL={https://www.fema.gov/media-library-data/1497530734477-cd049c3b6c0e3d8d224080a7a9ac3839/IPAWS_101_Presentation_04212017.pdf}
}

@misc{weatest,
title={Report: October 3, 2018 Nationwide WEA and EAS Test},
year={2019},
author={Federal Communications Commission},
URL={https://docs.fcc.gov/public/attachments/DOC-356902A1.pdf}
}

@misc{cfr47,
title={Code of Federal Regulations Title 47: Telecommunications, Part 11: Emergency Alert System},
author={Federal Communications Commission }
}

@misc{everbridge,
title={The Presidential Alert: Was it a success?},
author={Crane, Thomas},
year={2018},
URL={https://www.everbridge.com/blog/the-presidential-alert-was-it-a-success/}
}

@misc{nwx,
title={NetworkX: Software for complex networks},
URL={https://networkx.github.io/}
}
